@book{broesch2008digital,
  title={Digital signal processing: instant access},
  author={Broesch, James D},
  year={2008},
  publisher={Elsevier}
}

@book{self2012audio,
  title={Audio engineering explained},
  author={Self, Douglas},
  year={2012},
  publisher={Routledge}
}

@article{candes2008introduction,
  title={An introduction to compressive sampling},
  author={Cand{\`e}s, Emmanuel J and Wakin, Michael B},
  journal={IEEE signal processing magazine},
  year={2008},
  publisher={IEEE}
}

@book{sundberg1982tune,
  title={In Tune or Not?: a study of fundamental frequency in music practise},
  author={Sundberg, Johan},
  year={1982},
  publisher={na}
}

@article{stevens1940relation,
  title={The relation of pitch to frequency: A revised scale},
  author={Stevens, Stanley S and Volkmann, John},
  journal={The American Journal of Psychology},
  year={1940},
  publisher={JSTOR}
}

@article{benward2003introduction,
  title={Introduction. The materials of music: Sound and time},
  author={Benward, B and Saker, M},
  journal={Music in theory and practice, pp. xii--25). NY, NY: McGraw-Hill},
  year={2003}
}

@book{prout2011harmony,
  title={Harmony: its theory and practice},
  author={Prout, Ebenezer},
  year={2011},
  publisher={Cambridge University Press}
}

@book{benson2006music,
  title={Music: A mathematical offering},
  author={Benson, Dave},
  year={2006},
  publisher={Cambridge University Press}
}

@book{sethares2005tuning,
  title={Tuning, timbre, spectrum, scale},
  author={Sethares, William A},
  year={2005},
  publisher={Springer Science \& Business Media}
}

@misc{teachmeaudio2020,
  title={Fundamental and harmonic frequencies},
  url={https://www.teachmeaudio.com/recording/sound-reproduction/fundamental-harmonic-frequencies},
  journal={Teach Me Audio},
  year={2020},
  month={May}
}

@article{christensen1987science,
 ISSN = {00222909},
 author = {Thomas Christensen and Jean-Philippe Rameau},
 journal = {Journal of Music Theory},
 number = {1},
 pages = {23--50},
 publisher = {[Duke University Press, Yale University Department of Music]},
 title = {Eighteenth-Century Science and the "Corps Sonore:" The Scientific Background to Rameau's "Principle of Harmony"},
 volume = {31},
 year = {1987}
}

@misc{gustine_2021,
  title={Guitar tuner - pitch detection for dummies},
  url={https://medium.com/@jeremygustine/guitar-tuner-pitch-detection-for-dummies-64c4ae27e7ae},
  journal={Medium},
  publisher={Medium},
  author={Gustine, Jeremy},
  year={2021},
  month={Jul}
}

@misc{focusrite_2022,
  title={Sample rate, bit depth and buffer size explained – focusrite audio ...},
  url={https://support.focusrite.com/hc/en-gb/articles/115004120965-Sample-Rate-Bit-Depth-Buffer-Size-Explained},
  journal={Focusrite},
  year={2022},
  month={Jan}
}

@article{lourde2009digital,
  title={A digital guitar tuner},
  author={Lourde, Mary and Saji, Anjali Kuppayil},
  journal={arXiv e-prints},
  pages={arXiv--0912},
  year={2009}
}

@article{pericic2008visejezicni,
  title={Visejezicni recnik muzickih termina},
  author={Pericic, Vlastimir},
  year={2008},
  publisher={Srpska akad. nauka i umetnosti}
}

@misc{hemu_2020,
  title={Hrvatska enciklopedija (1941.-1945.)},
  url={https://hemu.lzmk.hr/Natuknica.aspx?ID=830},
  journal={Hemu},
  publisher={Leksikografski zavod Miroslav Krleža},
  year={2020},
  month={Apr}
}

@article{de2002yin,
  title={YIN, a fundamental frequency estimator for speech and music},
  author={De Cheveign{\'e}, Alain and Kawahara, Hideki},
  journal={The Journal of the Acoustical Society of America},
  volume={111},
  number={4},
  pages={1917--1930},
  year={2002},
  publisher={Acoustical Society of America}
}

@misc{reinke_2018,
  title={Spectroid},
  url={https://play.google.com/store/apps/details?id=org.intoorbit.spectrum&amp;hl=en_GB&amp;gl=US},
  journal={Google Play},
  publisher={Google},
  author={Reinke, Carl},
  year={2018}
}

@misc{enciklopedijaDijatonikaHrvatska,
	author = {},
	title = {dijatonika - {H}rvatska enciklopedija --- enciklopedija.hr},
	howpublished = {\url{https://www.enciklopedija.hr/clanak/dijatonika}},
	year = {},
	note = {[Accessed 05-06-2024]},
}

@misc{iso161975,
	author = {},
	title = {{I}{S}{O} 16:1975 --- iso.org},
	howpublished = {\url{https://www.iso.org/standard/3601.html}},
	year = {},
	note = {[Accessed 09-06-2024]},
}

@misc{portaudio,
	author = {},
	title = {{P}ort{A}udio - an {O}pen-{S}ource {C}ross-{P}latform {A}udio {A}{P}{I} --- portaudio.com},
	howpublished = {\url{https://www.portaudio.com/}},
	year = {},
	note = {[Accessed 17-06-2024]},
}

@misc{inspiredacousticsMIDINote,
	author = {},
	title = {{M}{I}{D}{I} note numbers and center frequencies | {I}nspired {A}coustics --- inspiredacoustics.com},
	howpublished = {\url{https://inspiredacoustics.com/en/MIDI_note_numbers_and_center_frequencies}},
	year = {},
	note = {[Accessed 18-06-2024]},
}